@article{vaswani2017attention,
  title={Attention is all you need},
  author={Vaswani, Ashish and others},
  journal={NeurIPS},
  year={2017}
}

@article{kitaev2020reformer,
  title={Reformer: The efficient transformer},
  author={Kitaev, Nikita and others},
  journal={ICLR},
  year={2020}
}

@article{stoianov2022cortical,
  title={Cortical column activity in large-scale neural models},
  author={Stoianov, Ivilin and others},
  journal={Frontiers in Neuroinformatics},
  year={2022}
}

@article{lepikhin2020gshard,
  title={GShard: Scaling giant models with conditional computation},
  author={Lepikhin, Dmitry and others},
  journal={arXiv:2006.16668},
  year={2020}
}

@article{anonymous2023raybnn,
  title={Ray-traced biological neural networks},
  author={Anonymous},
  journal={Under Review},
  note={Preprint at \url{https://example.com/raybnn}},
  year={2023}
}

@book{hawkins2021thousand,
  title={A thousand brains: A new theory of intelligence},
  author={Hawkins, Jeff},
  year={2021},
  publisher={Basic Books}
}

@article{oecd2019ai,
  title={OECD principles on artificial intelligence},
  author={OECD},
  year={2019},
  url={https://oecd.ai}
}

@article{krotov2021biological,
  title={Biological learning in AI: A review},
  author={Krotov, Dmitry},
  journal={Nature Machine Intelligence},
  year={2021}
}
